@misc{chi_extended_template,
  author = {Manas Tungare},
  howpublished = {http://manas.tungare.name/software/latex},
  title = {A {LaTeX} template for {CHI} Extended Abstracts},
  year = {2009}
}

@article{siebe2014distracted,
  title={Distracted Driving and Risk of Road Crashes among Novice and Experienced Drivers},
  author={Siebe, Cory},
  journal={Journal of Emergency Medicine},
  volume={46},
  number={4},
  pages={600--601},
  year={2014},
  publisher={Elsevier}
}

@article{van2010survey,
  title={A survey of augmented reality technologies, applications and limitations},
  author={Van Krevelen, DWF and Poelman, Ronald},
  journal={International Journal of Virtual Reality},
  volume={9},
  number={2},
  pages={1},
  year={2010}
}

@article{murphy2010head,
  title={Head pose estimation and augmented reality tracking: An integrated system and evaluation for monitoring driver awareness},
  author={Murphy-Chutorian, Erik and Trivedi, Mohan Manubhai},
  journal={IEEE Transactions on intelligent transportation systems},
  volume={11},
  number={2},
  pages={300--311},
  year={2010},
  publisher={IEEE}
}

@article{doshi2009roles,
  title={On the roles of eye gaze and head dynamics in predicting driver's intent to change lanes},
  author={Doshi, Anup and Trivedi, Mohan Manubhai},
  journal={IEEE Transactions on Intelligent Transportation Systems},
  volume={10},
  number={3},
  pages={453--462},
  year={2009},
  publisher={IEEE}
}

@article{rueda2004influence,
  title={The influence of passengers on the risk of the driver causing a car collision in Spain: Analysis of collisions from 1990 to 1999},
  author={Rueda-Domingo, Trinidad and Lardelli-Claret, Pablo and de Dios Luna-del-Castillo, Juan and Jim{\'e}nez-Mole{\'o}n, Jos{\'e} Juan and Garc{\i}́a-Mart{\i}́n, Miguel and Bueno-Cavanillas, Aurora},
  journal={Accident Analysis \& Prevention},
  volume={36},
  number={3},
  pages={481--489},
  year={2004},
  publisher={Elsevier}
}

@inproceedings{oliver2000graphical,
  title={Graphical models for driver behavior recognition in a smartcar},
  author={Oliver, Nuria and Pentland, Alex P},
  booktitle={Intelligent Vehicles Symposium, 2000. IV 2000. Proceedings of the IEEE},
  pages={7--12},
  year={2000},
  organization={IEEE}
}

@inproceedings{johnson2011driving,
  title={Driving style recognition using a smartphone as a sensor platform},
  author={Johnson, Derick A and Trivedi, Mohan M},
  booktitle={Intelligent Transportation Systems (ITSC), 2011 14th International IEEE Conference on},
  pages={1609--1615},
  year={2011},
  organization={IEEE}
}

@misc{johnson2014literature,
  title={Literature Review: An investigation into the usefulness of the Smart Watch Interface for university students and the types of data they would require},
  author={Johnson, Kyle Mills},
  year={2014}
}

@article{rios2015variation,
  title={Variation of the Heartbeat and Activity as an Indicator of Drowsiness at the Wheel Using a Smartwatch},
  author={R{\'\i}os-Aguilar, Sergio and Merino, Jos{\'e} Luis Miguel and S{\'a}nchez, A Mill{\'a}n}
}

%%

@inproceedings{fill1,
 author = {Hong, Jin-Hyuk and Margines, Ben and Dey, Anind K.},
 title = {A Smartphone-based Sensing Platform to Model Aggressive Driving Behaviors},
 booktitle = {Proceedings of the 32Nd Annual ACM Conference on Human Factors in Computing Systems},
 series = {CHI '14},
 year = {2014},
 isbn = {978-1-4503-2473-1},
 location = {Toronto, Ontario, Canada},
 pages = {4047--4056},
 numpages = {10},
 url = {http://doi.acm.org.ezp.lib.unimelb.edu.au/10.1145/2556288.2557321},
 doi = {10.1145/2556288.2557321},
 acmid = {2557321},
 publisher = {ACM},
 address = {New York, NY, USA},
 keywords = {driving assessment, in-vehicle sensing platform, smartphone},
} 

@inproceedings{fill2,
 author = {Wahlstr\"{o}m, Johan and Skog, Isaac and H\"{a}ndel, Peter},
 title = {Driving Behavior Analysis for Smartphone-based Insurance Telematics},
 booktitle = {Proceedings of the 2Nd Workshop on Workshop on Physical Analytics},
 series = {WPA '15},
 year = {2015},
 isbn = {978-1-4503-3498-3},
 location = {Florence, Italy},
 pages = {19--24},
 numpages = {6},
 url = {http://doi.acm.org.ezp.lib.unimelb.edu.au/10.1145/2753497.2753535},
 doi = {10.1145/2753497.2753535},
 acmid = {2753535},
 publisher = {ACM},
 address = {New York, NY, USA},
 keywords = {driver behavior analysis., insurance telematics, smartphones},
} 

@INPROCEEDINGS{fill3,
author={H. Eren and S. Makinist and E. Akin and A. Yilmaz},
booktitle={2012 IEEE Intelligent Vehicles Symposium},
title={Estimating driving behavior by a smartphone},
year={2012},
pages={234-239},
keywords={accelerometers;behavioural sciences computing;gyroscopes;magnetometers;road safety;sensors;smart phones;traffic engineering computing;acceleration information;accelerometer;car-independent system;commuting safety estimation;deceleration information;deflection angle sensory information;driving behavior estimation;gyroscope;magnetometer;position information;sensory data analysis;smartphone sensors;speed information;Acceleration;Accelerometers;Bayesian methods;Gyroscopes;Intelligent sensors;Vehicles;Bayesian classification;Driver behavior;accelerometer;gyroscope;magnetometer;smart phone;unsafe driving},
doi={10.1109/IVS.2012.6232298},
ISSN={1931-0587},
month={June},}

@INPROCEEDINGS{fill4,
author={R. Araújo and Â. Igreja and R. de Castro and R. E. Araújo},
booktitle={2012 IEEE Intelligent Vehicles Symposium},
title={Driving coach: A smartphone application to evaluate driving efficient patterns},
year={2012},
pages={1005-1010},
keywords={automobile industry;behavioural sciences;energy conservation;energy consumption;fuel economy;pattern recognition;sensors;smart phones;automotive industry;driver behaviour;driving coach;driving efficient pattern evaluation;driving pattern detection;energy savings;fuel consumption reduction;sensors;smart phone application;Acceleration;Engines;Feature extraction;Fuels;Gears;Real time systems;Vehicles},
doi={10.1109/IVS.2012.6232304},
ISSN={1931-0587},
month={June},}

@ARTICLE{fill5,
author={A. Diaz Alvarez and F. Serradilla Garcia and J. E. Naranjo and J. J. Anaya and F. Jimenez},
journal={IEEE Intelligent Transportation Systems Magazine},
title={Modeling the Driving Behavior of Electric Vehicles Using Smartphones and Neural Networks},
year={2014},
volume={6},
number={3},
pages={44-53},
keywords={electric vehicles;intelligent transportation systems;mobile computing;neural nets;smart phones;traffic engineering computing;battery consumption;eco-driving behavior;electric vehicle;energy consumption;intelligent transportation system;internal combustion vehicle;neural network;onboard instrumentation;smartphone;Behavioral science;Electric vehicles;Intelligent vehicles;Mobile handsets;Modeling;Sensors},
doi={10.1109/MITS.2014.2322651},
ISSN={1939-1390},
month={Fall},}

@ARTICLE{fill6,
author={J. Engelbrecht and M. J. Booysen and G. J. van Rooyen and F. J. Bruwer},
journal={IET Intelligent Transport Systems},
title={Survey of smartphone-based sensing in vehicles for intelligent transportation system applications},
year={2015},
volume={9},
number={10},
pages={924-935},
keywords={computerised monitoring;driver information systems;intelligent transportation systems;road accidents;road vehicles;sensors;smart phones;ITS applications;driver-assistance systems;intelligent transportation system applications;road crash;sensor networks;smartphone-based sensing;vehicle;vehicle-based monitoring systems},
doi={10.1049/iet-its.2014.0248},
ISSN={1751-956X},
month={},}

@inproceedings{designfiction,
 author = {Lindley, Joseph and Coulton, Paul},
 title = {Pushing the Limits of Design Fiction: The Case For Fictional Research Papers},
 booktitle = {Proceedings of the 2016 CHI Conference on Human Factors in Computing Systems},
 series = {CHI '16},
 year = {2016},
 isbn = {978-1-4503-3362-7},
 location = {Santa Clara, California, USA},
 pages = {4032--4043},
 numpages = {12},
 url = {http://doi.acm.org.ezp.lib.unimelb.edu.au/10.1145/2858036.2858446},
 doi = {10.1145/2858036.2858446},
 acmid = {2858446},
 publisher = {ACM},
 address = {New York, NY, USA},
 keywords = {design fiction, fictional papers, imaginary abstracts, prototyping, research through design},
} 



%%

@online{crashstat1,
    author    = {VicRoads},
    title     = {Crash statistics},
    note       = {Available as of 25-08-2017  https://www.vicroads.vic.gov.au/safety-and-road-rules/safety-statistics/crash-statistics},
}

@online{crashstat2,
    author    = {BITRE},
    title     = {Road Safety Statistics},
    note       = {Available as of 25-08-2017 https://bitre.gov.au/statistics/safety/},
}

@online{crashstat3,
    author    = {KeepEyesOnRoad},
    title     = {Accident statistics},
    note      = {Available as of 25-08-2017  http://www.keepyoureyesontheroad.org.au/pages/Accident-statistics-Cont},
}

@online{carbuy1,
    author    = {RACV},
    title     = {Tips for buying a new car},
    note      = {Available as of 25-08-2017 https://www.racv.com.au/membership/member-benefits/royalauto/motoring/information-and-advice/tips-for-buying-a-new-car.html},
}

@online{carbuy2,
    author    = {Tim Robson, CarsGuide},
    title     = {Best cars for P platers},
    note      = {Available as of 25-08-2017 https://www.carsguide.com.au/car-advice/best-cars-for-p-platers-55422},
}

@article{fang2004automatic,
  title={An automatic road sign recognition system based on a computational model of human recognition processing},
  author={Fang, Chiung-Yao and Fuh, Chiou-Shann and Yen, PS and Cherng, Shen and Chen, Sei-Wang},
  journal={Computer vision and Image understanding},
  volume={96},
  number={2},
  pages={237--268},
  year={2004},
  publisher={Elsevier}
}

@article{alom2007road,
  title={ROAD SIGN RECOGNITION},
  author={Alom, Zahangir and Maniruzzaman, M and Islam, Sajadul and Sobhan, Abdus and Alam, Zahangir},
  year={2007},
  publisher={Daffodil International University}
}
